% This file was created with JabRef 2.4.
% Encoding: Cp1252

@BOOK{schimel2012writing,
  title={Writing Science: How to Write Papers That Get Cited and Proposals That Get Funded},
  author={Schimel, J.},
  pages = {231},
  isbn={9780199760237},
  lccn={2011028465},
  year={2012},
  publisher={Oxford University Press, USA}
}

@BOOK{young2002technical,
  title={The Technical Writer's Handbook},
  author={Young, M.},
  pages = {232},
  isbn={9781891389214},
  lccn={88051695},
  year={2002},
  publisher={University Science Books}
}

@MANUAL{alker2006,
	title={Sprachleitfaden, Gendergerechter Sprachgebrauch an der FH Campus Wien},
	author={Alker, U. and Weilenmann, U.},
	year={2006},
	organization={FH Campus Wien}}
	
@MANUAL{petz2018,
	title={Checkliste Wissenschafltiche Arbeiten},
	author={Petz, A. and Oberpertinger, R.},
	year={2018},
	organization={FH Campus Wien}}

@techreport{redhat2022,
  author      = {Kohgadai, Ajmal},
  institution = {RedHat},
  title       = {The State of Kubernetes Security in 2022},
  year        = {2022}
}

@techreport{redhat2023,
  author      = {Kohgadai, Ajmal},
  institution = {RedHat},
  title       = {The State of Kubernetes Security in 2023},
  year        = {2023}
}

@MISC{CVE-2019-5736,
  title = {{CVE}-2019-5736.},
  howpublished = "Available from MITRE, {CVE-ID} {CVE}-2019-5736.",
  year = {2019},
  url={https://cve.mitre.org/cgi-bin/cvename.cgi?name=CVE-2019-5736},
  urldate={20 December 2023}
}

@MISC{CVE-2020-15257,
  title = {{CVE}-2020-15257.},
  howpublished = "Available from MITRE, {CVE-ID} {CVE}-2020-15257.",
  year = {2020},
  url={https://cve.mitre.org/cgi-bin/cvename.cgi?name=CVE-2020-15257},
  urldate={20 December 2023}
}

@MISC{CVE-2019-101,
  title = {{CVE}-2019-101.},
  howpublished = "Available from MITRE, {CVE-ID} {CVE}-2019-101.",
  year = {2019},
  url={https://cve.mitre.org/cgi-bin/cvename.cgi?name=CVE-2019-101},
  urldate={20 December 2023}
}

@MISC{CVE-2022-0811,
  title = {{CVE}-2022-0811.},
  howpublished = "Available from MITRE, {CVE-ID} {CVE}-2022-0811.",
  year = {2022},
  url={https://cve.mitre.org/cgi-bin/cvename.cgi?name=CVE-2022-0811},
  urldate={20 December 2023}
}

@MISC{CVE-2022-23648,
  title = {{CVE}-2022-23648.},
  howpublished = "Available from MITRE, {CVE-ID} {CVE}-2022-23648.",
  year = {2022},
  url={https://cve.mitre.org/cgi-bin/cvename.cgi?name=CVE-2022-23648},
  urldate={20 December 2023}
}

@MISC{CVE-2022-1708,
  title = {{CVE}-2022-1708.},
  howpublished = "Available from MITRE, {CVE-ID} {CVE}-2022-1708.",
  year = {2022},
  url={https://cve.mitre.org/cgi-bin/cvename.cgi?name=CVE-2022-1708},
  urldate={20 December 2023}
}

@MISC{CVE-2022-29179,
  title = {{CVE}-2022-29179.},
  howpublished = "Available from MITRE, {CVE-ID} {CVE}-2022-29179.",
  year = {2022},
  url={https://cve.mitre.org/cgi-bin/cvename.cgi?name=CVE-2022-29179},
  urldate={20 December 2023}
}

@MISC{CVE-2020-8554,
  title = {{CVE}-2020-8554.},
  howpublished = "Available from MITRE, {CVE-ID} {CVE}-2020-8554.",
  year = {2020},
  url={https://cve.mitre.org/cgi-bin/cvename.cgi?name=CVE-2020-8554},
  urldate={20 December 2023}
}

@MISC{CVE-2023-5043,
  title = {{CVE}-2023-5043.},
  howpublished = "Available from MITRE, {CVE-ID} {CVE}-2023-5043.",
  year = {2023},
  url={https://cve.mitre.org/cgi-bin/cvename.cgi?name=CVE-2023-5043},
  urldate={20 December 2023}
}

@MISC{CVE-2023-5044,
  title = {{CVE}-2023-5044.},
  howpublished = "Available from MITRE, {CVE-ID} {CVE}-2023-5044.",
  year = {2023},
  url={https://cve.mitre.org/cgi-bin/cvename.cgi?name=CVE-2023-5044},
  urldate={20 December 2023}
}

@MISC{CVE-2022-24817,
  title = {{CVE}-2022-24817.},
  howpublished = "Available from MITRE, {CVE-ID} {CVE}-2022-24817.",
  year = {2023},
  url={https://cve.mitre.org/cgi-bin/cvename.cgi?name=CVE-2022-24817},
  urldate={20 December 2023}
}

@MISC{cni,
   author =       {Kulkarni, Kedar Vijay},
   title =        {A brief overview of the Container Network Interface (CNI) in Kubernetes},
   editor =       {redhat.com},
   month =        {April},
   year =         {2021},
   url = {https://www.redhat.com/sysadmin/cni-kubernetes},
   note =         {[Accessed 18.12.2023]},
 }

@ARTICLE{rbac,
  author={Rostami, Garsha},
  journal={Journal of ICT Standardization}, 
  title={Role-Based Access Control (RBAC) Authorization in Kubernetes}, 
  year={2023},
  volume={11},
  number={3},
  pages={237-260},
  doi={10.13052/jicts2245-800X.1132}
}


@MISC{cgroups,
  title = {cgroups(7) — Linux manual page},
  url={https://man7.org/linux/man-pages/man7/cgroups.7.html},
  note =         {[Accessed 19.12.2023]},
}

@MISC{namespaces,
  title = {namespaces (7) — Linux manual page},
  url={https://man7.org/linux/man-pages/man7/namespaces.7.html},
  note =         {[Accessed 19.12.2023]},
}

@MISC{kernel,
   title =        {What is the Linux kernel?},
   editor =       {redhat.com},
   month =        {February},
   year =         {2019},
   url = {https://www.redhat.com/en/topics/linux/what-is-the-linux-kernel},
   note =         {[Accessed 20.11.2023]},
 }

@INPROCEEDINGS{falco,
  author={German, Kazenas and Ponomareva, Olga},
  booktitle={2023 IEEE Ural-Siberian Conference on Biomedical Engineering, Radioelectronics and Information Technology (USBEREIT)}, 
  title={An Overview of Container Security in a Kubernetes Cluster}, 
  year={2023},
  volume={},
  number={},
  pages={283-285},
  doi={10.1109/USBEREIT58508.2023.10158865}}

@INPROCEEDINGS{escape,
  author={Guo, Zhimin and Lv, Zhuo and Li, Nuannuan and Yuan, Tao and Gao, Xue and Yuan, Zekun},
  booktitle={2022 International Conference on Cyber-Enabled Distributed Computing and Knowledge Discovery (CyberC)}, 
  title={Comprehensive defense scheme against container escape related to container management procedure}, 
  year={2022},
  volume={},
  number={},
  pages={263-266},
  doi={10.1109/CyberC55534.2022.00051}}

@MISC{cr8escape,
   author =       {Walker, John},
   title =        {cr8escape: New Vulnerability in CRI-O Container Engine Discovered by CrowdStrike (CVE-2022-0811)},
   editor =       {crowdstrike.com},
   month =        {March},
   year =         {2022},
   url = {https://www.redhat.com/sysadmin/cni-kubernetes},
   note =         {[Accessed 16.12.2023]},
 }














  

@comment{jabref-meta: selector_publisher:}

@comment{jabref-meta: selector_author:}

@comment{jabref-meta: selector_journal:}

@comment{jabref-meta: selector_keywords:}

